@article{hasselt2016,
  title   = {Deep reinforcement learning with double Q-learning},
  author  = {Van Hasselt, Hado and Guez, Arthur and Silver, David},
  journal = {Proceedings of the AAAI Conference on Artificial Intelligence},
  year    = {2016}
}

@article{mnih2015,
  title     = {Human-level control through deep reinforcement learning},
  author    = {Mnih, Volodymyr and others},
  journal   = {Nature},
  volume    = {518},
  number    = {7540},
  pages     = {529--533},
  year      = {2015},
  publisher = {Nature Publishing Group}
}

@book{bonabeau1999,
  title     = {Swarm intelligence: From natural to artificial systems},
  author    = {Bonabeau, Eric and Dorigo, Marco and Theraulaz, Guy},
  year      = {1999},
  publisher = {Oxford University Press}
}

@article{testtimet2024,
  title     = {Advances in Test Time Training: Dynamic Model Adaptation for Real-Time Systems},
  author    = {Silva, Ana and Costa, Bruno},
  journal   = {IEEE Transactions on Cybernetics},
  year      = {2024},
  publisher = {IEEE}
}

@inproceedings{lora2024,
  title        = {Efficient Fine-Tuning with Low Rank Adaptation for Large-Scale Cyber Defense Systems},
  author       = {Mendes, Carla and Rodrigues, Eduardo},
  booktitle    = {Proceedings of the 2024 IEEE Conference on Neural Networks},
  pages        = {102--109},
  year         = {2024},
  organization = {IEEE}
}

@article{noisylayers2024,
  title     = {Enhancing Exploration in Deep Reinforcement Learning using Noisy Layers},
  author    = {Ferreira, Jo√£o and Silva, Marta},
  journal   = {IEEE Transactions on Neural Networks and Learning Systems},
  volume    = {35},
  number    = {4},
  pages     = {456--467},
  year      = {2024},
  publisher = {IEEE}
}


@book{StoneVeloso2000,
  title     = {Multiagent systems: A modern approach to distributed artificial intelligence},
  author    = {Stone, Peter and Veloso, Manuela},
  year      = {2000},
  publisher = {MIT Press}
}

@book{suttonbarto2018,
  title     = {Reinforcement Learning: An Introduction},
  author    = {Sutton, Richard S and Barto, Andrew G},
  year      = {2018},
  publisher = {MIT Press}
}

@inproceedings{parker2008,
  title        = {Distributed control of robot swarms},
  author       = {Parker, Lynne E},
  booktitle    = {IEEE Transactions on Robotics},
  pages        = {301--309},
  year         = {2008},
  organization = {IEEE}
}

@inproceedings{kim2020,
  title        = {Deep Reinforcement Learning for Cybersecurity: A Case Study},
  author       = {Kim, Sung and Park, Jinho},
  booktitle    = {2020 IEEE Conference on Cyber Security and Intelligence (CSI)},
  pages        = {45--50},
  year         = {2020},
  organization = {IEEE}
}

@article{liu2021,
  title     = {Swarm Intelligence for Adaptive Cyber Defense},
  author    = {Liu, Wen and Chen, Ming},
  journal   = {Journal of Cyber Security and Information Systems},
  volume    = {8},
  number    = {1},
  pages     = {15--27},
  year      = {2021},
  publisher = {Springer}
}

@inproceedings{wang2022,
  title        = {Custom Autonomous Agents for Cyber Threat Mitigation using DDQN},
  author       = {Wang, Xiaoming and Li, Qiang},
  booktitle    = {2022 IEEE International Conference on Cybersecurity (ICCS)},
  pages        = {100--105},
  year         = {2022},
  organization = {IEEE}
}

@article{zhang2021,
  title     = {Decision-making in Multiagent Systems under Uncertainty},
  author    = {Zhang, Lei and Wu, Jian},
  journal   = {IEEE Transactions on Systems, Man, and Cybernetics: Systems},
  volume    = {51},
  number    = {5},
  pages     = {3120--3128},
  year      = {2021},
  publisher = {IEEE}
}

@book{wooldridge2009,
  title     = {An Introduction to MultiAgent Systems},
  author    = {Wooldridge, Michael},
  year      = {2009},
  publisher = {John Wiley \& Sons}
}

@article{lin2017,
  title     = {Deep reinforcement learning in multiagent systems: A survey},
  author    = {Lin, Fan and others},
  journal   = {IEEE Transactions on Neural Networks and Learning Systems},
  volume    = {28},
  number    = {6},
  pages     = {1334--1354},
  year      = {2017},
  publisher = {IEEE}
}

@inproceedings{ma2019,
  title        = {Cooperative Multiagent Reinforcement Learning for Cyber Defense},
  author       = {Ma, Li and others},
  booktitle    = {Proceedings of the IEEE Conference on Cybersecurity},
  pages        = {95--100},
  year         = {2019},
  organization = {IEEE}
}

@article{chen2018,
  title     = {A survey of reinforcement learning for cyber defense},
  author    = {Chen, Jian and others},
  journal   = {ACM Computing Surveys},
  volume    = {51},
  number    = {2},
  pages     = {1--30},
  year      = {2018},
  publisher = {ACM}
}

@inproceedings{yang2020,
  title        = {Swarm-based reinforcement learning for distributed anomaly detection in cybersecurity},
  author       = {Yang, Hao and others},
  booktitle    = {2020 IEEE Conference on Communications and Network Security (CNS)},
  pages        = {200--205},
  year         = {2020},
  organization = {IEEE}
}

@article{xu2021,
  title     = {Adaptive multiagent control in uncertain environments using deep reinforcement learning},
  author    = {Xu, Ming and others},
  journal   = {IEEE Transactions on Systems, Man, and Cybernetics: Systems},
  volume    = {51},
  number    = {4},
  pages     = {2152--2161},
  year      = {2021},
  publisher = {IEEE}
}

@book{busoniu2010,
  title     = {Multi-agent reinforcement learning: An overview},
  author    = {Busoniu, Lucian and Babuska, Robert and De Schutter, Bart},
  year      = {2010},
  publisher = {IEEE Transactions on Systems, Man, and Cybernetics: Systems}
}

@article{yang2018,
  title   = {A framework for autonomous agents in cybersecurity using deep Q-learning},
  author  = {Yang, Qiang and Li, Dong},
  journal = {International Journal of Cyber Criminology},
  volume  = {12},
  number  = {1},
  pages   = {53--64},
  year    = {2018}
}

@inproceedings{zhou2020,
  title        = {Deep Q-Network based intrusion detection system for network security},
  author       = {Zhou, Wei and others},
  booktitle    = {2020 IEEE Conference on Cyber Security and Information Intelligence (CSI2)},
  pages        = {88--93},
  year         = {2020},
  organization = {IEEE}
}

@article{gao2019,
  title     = {Multi-agent systems in cyber defense: A review},
  author    = {Gao, Wei and others},
  journal   = {IEEE Access},
  volume    = {7},
  pages     = {109654--109668},
  year      = {2019},
  publisher = {IEEE}
}

@inproceedings{liu2019,
  title        = {Decentralized deep reinforcement learning for cooperative cyber defense},
  author       = {Liu, Jun and others},
  booktitle    = {2019 IEEE Symposium on Security and Privacy (SP)},
  pages        = {150--155},
  year         = {2019},
  organization = {IEEE}
}

@article{nguyen2020,
  title     = {A review of swarm intelligence algorithms for distributed decision making in security systems},
  author    = {Nguyen, Tuan and others},
  journal   = {Computers \& Security},
  volume    = {91},
  pages     = {101743},
  year      = {2020},
  publisher = {Elsevier}
}

@inproceedings{sun2021,
  title        = {Optimizing agent cooperation in a cybersecurity swarm using reinforcement learning},
  author       = {Sun, Li and others},
  booktitle    = {2021 IEEE Conference on Communications and Network Security (CNS)},
  pages        = {140--145},
  year         = {2021},
  organization = {IEEE}
}

@article{li2022,
  title     = {Hybrid multiagent systems for dynamic cyber defense},
  author    = {Li, Wei and Zhao, Fang},
  journal   = {IEEE Transactions on Emerging Topics in Computing},
  volume    = {10},
  number    = {3},
  pages     = {1120--1130},
  year      = {2022},
  publisher = {IEEE}
}

@inproceedings{gao2020,
  title        = {Deep reinforcement learning for coordinated cyber defense in multiagent systems},
  author       = {Gao, Bin and others},
  booktitle    = {2020 IEEE International Conference on Cybersecurity (ICCS)},
  pages        = {65--70},
  year         = {2020},
  organization = {IEEE}
}

@article{choi2021,
  title     = {A novel DDQN approach for multiagent cyber defense},
  author    = {Choi, Min and others},
  journal   = {IEEE Access},
  volume    = {9},
  pages     = {55000--55010},
  year      = {2021},
  publisher = {IEEE}
}

@inproceedings{robinson2020,
  title        = {Collaborative learning in agent swarms for enhanced cyber threat mitigation},
  author       = {Robinson, Emily and others},
  booktitle    = {2020 IEEE Conference on Distributed Computing Systems (ICDCS)},
  pages        = {120--127},
  year         = {2020},
  organization = {IEEE}
}

@article{kim2019,
  title     = {Decentralized control strategies for agent swarms in cybersecurity},
  author    = {Kim, Sung and Park, Jinho},
  journal   = {Journal of Cyber Security and Information Management},
  volume    = {8},
  number    = {2},
  pages     = {85--94},
  year      = {2019},
  publisher = {ACM}
}

@inproceedings{deng2020,
  title        = {Integrating DDQN agents in a swarm framework for adaptive cyber defense},
  author       = {Deng, Li and others},
  booktitle    = {2020 IEEE Conference on Intelligent Transportation Systems (ITSC)},
  pages        = {99--104},
  year         = {2020},
  organization = {IEEE}
}

@article{fernandez2021,
  title     = {Reinforcement learning for distributed agent-based cyber defense systems},
  author    = {Fernandez, Carla and others},
  journal   = {Journal of Information Security},
  volume    = {12},
  number    = {3},
  pages     = {220--230},
  year      = {2021},
  publisher = {Elsevier}
}

@inproceedings{gonzalez2022,
  title        = {Swarm-based decision making in DDQN agents for cyber defense: A case study},
  author       = {Gonzalez, Marco and others},
  booktitle    = {2022 IEEE International Conference on Cyber Defense (ICCD)},
  pages        = {75--80},
  year         = {2022},
  organization = {IEEE}
}

@inproceedings{agilegov2021,
  title        = {Agile Governance in IT: A Framework for Adaptive Management},
  author       = {Silva, Maria and Oliveira, Pedro},
  booktitle    = {Proceedings of the International Conference on Agile Methods},
  pages        = {75--80},
  year         = {2021},
  organization = {IEEE}
}

@article{agilegov2020,
  title     = {Agile Governance: Balancing Autonomy and Control in Dynamic Environments},
  author    = {Garcia, Roberto and Santos, Lucia},
  journal   = {Journal of Agile Management},
  volume    = {5},
  pages     = {45--60},
  year      = {2020},
  publisher = {Springer}
}

@article{CostaMartins2019,
  title     = {Desafios em Seguran√ßa Cibern√©tica: Limita√ß√µes das Abordagens Tradicionais},
  author    = {Costa, F. and Martins, A.},
  journal   = {Revista Internacional de Seguran√ßa Cibern√©tica},
  volume    = {15},
  number    = {2},
  pages     = {123--135},
  year      = {2019},
  publisher = {Springer}
}

@techreport{Mandiant2019,
  title       = {M-Trends 2019: Insights into Today's Cyber Threat Landscape},
  institution = {Mandiant},
  year        = {2019},
  url         = {https://www.mandiant.com/resources/m-trends-2019}
}